% This file was created with JabRef 2.10.
% Encoding: UTF-8

@book{jackson,
  address = {New York, {NY}},
  author = {Jackson, John David},
  edition = {5},
  publisher = {Wiley},
  title = {{Classical Electrodynamics}},
  year = {2014}
}

@book{ dHaseleer,
 Title                    = {{Flux Coordinates and Magnetic Field Structure}},
  Author                   = {W.D. D'haeseleer and W.N. G. Hitchon and ID. Callen and J.L. Shohet},
  Publisher                = {Springer Berlin Heidelberg},
  Year                     = {1991},
  Series                   = {Springer Series in Computational Physics},
  ISBN                     = {978-3-642-75597-2},
}

@book{sivia_skilling,
title={{Data analysis: a Bayesian tutorial}},
author={D. S. Sivia and John Skilling},
year={2006},
publisher={Oxford University Press}
}

@book{numrec,
 author = {Press, William H. and Teukolsky, Saul A. and Vetterling, William T. and Flannery, Brian P.},
 title = {{Numerical Recipes 3rd Edition: The Art of Scientific Computing}},
 year = {2007},
 isbn = {9780521880688},
 edition = {3},
 publisher = {Cambridge University Press},
 address = {New York, NY, USA},
 chapter={6.12}
}





@article{hooke_jeeves_1961,
 author = {Hooke, Robert and Jeeves, T. A.},
 title = {{``Direct Search'' Solution of Numerical and Statistical Problems}},
 journal = {J. ACM},
 volume = {8},
 number = {2},
 month = apr,
 year = {1961},
 issn = {0004-5411},
 pages = {212--229},
 url = {http://doi.acm.org/10.1145/321062.321069},
 doi = {10.1145/321062.321069},
}

@article{pfirsch_schlueter_1962,
title={{MPI/PA/7/62}},
journal={Max-Planck-Institute Report},
author={Dieter Pfirsch and Arnulf Schlüter},
year={1962}
}

@article{boozer_1982,
  title  = {Establishment of magnetic coordinates for a given magnetic field},
  author = {Allen H. Boozer},
  journal={Physics of Fluids},
  volume={25},
  pages={520--512},
  doi = {10.1063/1.863765},
  year   = {1982}
}

@article{vmec_1983,
title={Steepest-descent moment method for three-dimensional magnetohydrodynamic equilibria},
author={S. P. Hirshman and J. C. Whitson},
year={1983},
journal={Physics of Fluids},
volume={26},
pages={3553--3568},
doi={10.1063/1.864116}
}

@article{besshou_1986,
title={{Diamagnetism and beta in beam heated currentless plasmas of Heliotron E}},
author={S. Besshou and C.E. Thomas and T. Ohba and A. Iiyoshi and K Uo},
journal={Nuclear Fusion},
volume={26},
year={1986},
pages={1339--1348}
}

@article{attenberger_1987,
title={{Some Practial Considerations Involving Spectral Representations of 3D Plasma Equilibria}},
author={S. E. Attenberger and W. A. Houlberg and S. P. Hirshman},
journal={Journal of Computational Physics},
volume={72},
pages={435--448},
year={1987}
}

@article{hirshman_1990,
title={{Improved Radial Differencing for Three-Dimensional Magnetohydrodynamic Equilibrium Calculations}},
author={S. P. Hirshman and U. Schwenn and J. Nührenberg},
journal={Journal of Computational Physics},
volume={87},
pages={396--407},
year={1990}
}

@article{ipp_2_343,
title={{Stellarator Research at the IPP in Garching}},
author={Horst Wobig and Hermann Renner},
journal={Contributions to Wendelstein 7-X and the Helias Reactor 1991-1998},
volume={IPP 2/343},
pages={1-6},
year={1999}
}

@article{reimann_1999,
  author={A. Reiman et al},
  title={Physics design of a high-beta quasi-axisymmetric stellarator},
  journal={Plasma Physics and Controlled Fusion},
  volume={41},
  number={12B},
  pages={B273},
  year={1999}
}

@article{strumberger_2002,
title={Numerical computation of magnetic fields of two- and three-dimensional equilibria with net toroidal current},
author={E. Strumberger and S. Günter and P. Merkel and E. Schwarz and C. Tichmann and H.-P. Zehrfeld},
year={2002},
journal={Nuclear Fusion},
volume={42},
pages={827--832}
}

@article{hanson_hirshman_2002,
  Title                    = {{Compact expressions for the Biot-Savart fields of a filamentary segment}},
  Author                   = {Hanson, James D. and Hirshman, Steven P.},
  Journal                  = {Physics of Plasmas},
  volume                   = {9},
  pages                    = {4410--4412},
  Year                     = {2012},
  doi                      = {10.1063/1.1507589},
}

@article{hirshman_hanson_2004,
author = {Steven P. Hirshman and Edward A. Lazarus and James D. Hanson and Stephen F. Knowlton and Lang L. Lao},
title = {Magnetic diagnostic responses for compact stellarators},
journal = {Physics of Plasmas},
volume = {11},
number = {2},
pages = {595-603},
year = {2004},
doi = {10.1063/1.1637347},
URL = { https://doi.org/10.1063/1.1637347},
eprint = { https://doi.org/10.1063/1.1637347}
}

@article{drevlak_2005,
title={{PIES free boundary stellarator equilibria with improved initial conditions}},
author={M. Drevlak and D. Monticello and A. Reiman},
year={2005},
journal={Nuclear Fusion},
volume={45},
pages={731--740}
}

@article{werner_2006,
title={{W7-X magnetic diagnostics: Performance of the digital integrator}},
author={Andreas Werner},
journal={Review of Scientific Instruments},
volume={77},
pages={10E307},
year={2006},
doi={10.1063/1.2220073}
}

@inproceedings{svensson_2007,
Author = {Svensson, J. and Werner, A.},
Title = {{Large scale Bayesian data analysis for nuclear fusion experiments}},
Booktitle = {{2007 IEEE International Symposium on Intelligent Signal Processing, Conference Proceedings Book}},
Year = {2007},
Pages = {955--960},
ISBN = {978-1-4244-0829-0}
}

@article{werner_2008,
title={{W7-X magnetic diagnostics: Rogowski coil performance for very long pulses}},
author={Andreas Werner and Michael Endler and Joachim Geiger and Ralf König},
journal={Review of Scientific Instruments},
volume={79},
pages={10F122},
year={2008},
doi={10.1063/1.2957933}
}






@article{hanson_2009,
title={{V3FIT: a code for three-dimensional equilibrium reconstruction}},
author={James D. Hanson and Steven P. Hirshman and Stephen F. Knowlton and Lang L. Lao and Edward A. Lazarus and John M. Shields},
journal={Nuclear Fusion},
volume={49},
pages={075031},
year={2009},
doi={}
}

@article{schmuck_2009,
title = {{Design of the ECE diagnostic at Wendelstein 7-X}},
journal = {Fusion Engineering and Design},
volume = {84},
number = {7},
pages = {1739 - 1743},
year = {2009},
note = {Proceeding of the 25th Symposium on Fusion Technology},
issn = {0920-3796},
doi = {https://doi.org/10.1016/j.fusengdes.2008.12.094},
url = {http://www.sciencedirect.com/science/article/pii/S0920379608005024},
author = {S. Schmuck and H.-J. Hartfuss and M. Hirsch and T. Stange},
keywords = {ECE, Heterodyne principle, Gaussian beam telescope}
}

@article{lazerson_2012,
title={{The virtual-casing principle for 3D toroidal systems}},
author={S. A. Lazerson},
year={2012},
journal={Plasma Physics and Controlled Fusion},
volume={54},
pages={122002}
}

@article{lazerson_2013,
title={{A magnetic diagnostic code for 3D fusion equilibria}},
author={S. A. Lazerson and S. Sakakibara and Y. Suzuki},
journal={Plasma Physics and Controlled Fusion},
year={2013},
volume={55},
pages={025014}
}

@article{bozhenkov_2013,
  title  = {{Service oriented architecture for scientific analysis at W7-X. An example of a field line tracer}},
  author = {S.A. Bozhenkov and J. Geiger and M. Grahl and J. Kißlinger and A. Werner and R.C. Wolf},
  journal={Fusion Engineering and Design},
  volume={88},
  pages={2997--3006},
  year   = {2013},
  doi = {10.1016/j.fusengdes.2013.07.003}
}

@article{helander_2014,
title={Theory of plasma confinement in non-axisymmetric magnetic fields},
author={Per Helander},
journal={Reports on Progress in Physics},
volume={77},
pages={087001},
year={2014}
}

@article{qx_t0026,
title={{1-QX-T0026.0 Stromtrieb Kalibration Magnetik}},
journal={W7-X PLM document},
author={Thomas Windisch},
year={2015}
}

@article{endler_2015,
title={{Engineering design for the magnetic diagnostics of Wendelstein 7-X}},
author={M. Endler and B. Brucker and V. Bykov and A. Cardella and A. Carls and F. Dobmeier and A. Dudek and J. Fellinger and
J. Geiger and K. Grosser and O. Grulke and D. Hartmann and D. Hathiramani and K. Höchel and M. Köppen and
R. Laube and U. Neuner and X. Peng and K. Rahbarnia and K. Rummel and T. Sieber and S. Thiel and A. Vorköper and
A. Werner and T. Windisch and M.Y. Ye},
journal={Fusion Engineering and Design},
volume={100},
pages={468--494},
year={2015}
}

@inproceedings{seal_2016_parvmec,
Author = {Sudip K. Seal and Steven P. Hirshman and Andreas Wingen and Robert S. Wilcox and Mark R. Cianciosa and Ezekial A. Unterberg},
Title = {{PARVMEC: An Efficient, Scalable Implementation of the Variational Moments Equilibrium Code}},
Booktitle = {{45th International Conference on Parallel Processing}},
Year = {2016},
Pages = {618--627},
doi={10.1109/ICPP.2016.77}
}

@article{langenberg_2016,
author = {A. Langenberg and J. Svensson and H. Thomsen and O. Marchuk and N. A. Pablant and R. Burhenn and R. C. Wolf},
title = {Forward Modeling of X-Ray Imaging Crystal Spectrometers Within the Minerva Bayesian Analysis Framework},
journal = {Fusion Science and Technology},
volume = {69},
number = {2},
pages = {560-567},
year  = {2016},
doi = {10.13182/FST15-181},
URL = { https://doi.org/10.13182/FST15-181},
eprint = { https://doi.org/10.13182/FST15-181}
}

@article{sunnpedersen_2016,
title={{Confirmation of the topology of the Wendelstein 7-X magnetic field to better than 1:100,000
}},
author={Pedersen, T. Sunn
 and Otte, M.
 and Lazerson, S.
 and Helander, P.
 and Bozhenkov, S.
 and Biedermann, C.
and Klinger, T.
and Wolf, R. C.
 and Bosch, H.-S.
 and The Wendelstein 7-X Team
},
journal={Nature Communications
},
volume={7
},
year={2016},
pages={13493
},
doi={10.1038/ncomms13493
}
}


@article{plm_1_a_r0001,
title={{1-A-R0001.1 Basic Data of Wendelstein 7-X Stellarator}},
author={Jens Knauer},
journal={W7-X PLM document},
year={2016}
}

@article{pasch_2016,
title={{The Thomson scattering system at Wendelstein 7-X}},
author={E. Pasch and M. N. A. Beurskens and S. A. Bozhenkov and G. Fuchert and J. Knauer and R. C. Wolf and {the W7-X Team}},
journal={Review of Scientific Instruments},
volume={87},
pages={11E729},
year={2016},
doi={10.1063/1.4962248}
}

@article{grahl_2017,
title = {{Archive WEB API: A web service for the experiment data archive of Wendelstein 7-X}},
journal = {Fusion Engineering and Design},
volume = {123},
pages = {1015 -- 1019},
year = {2017},
note = {Proceedings of the 29th Symposium on Fusion Technology (SOFT-29) Prague, Czech Republic, September 5-9, 2016},
issn = {0920-3796},
doi = {https://doi.org/10.1016/j.fusengdes.2017.02.047},
url = {http://www.sciencedirect.com/science/article/pii/S0920379617301400},
author = {M. Grahl and T. Bluhm and M. Grün and C. Hennig and A. Holtz and J.G. Krom and G. Kühner and H. Laqua and M. Lewerentz and H. Riemann and A. Spring and A. Werner},
keywords = {Wendelstein 7-X, REST, Web service, Continuous data acquisition, Data analysis, Steady state}
}

@article{msc_damm,
title={{Upgrade of the Wendelstein 7-X Thomson Scattering Diagnostic to Study Short Transient Plasma Effects}},
author={Hannes Damm},
journal={Master thesis},
year={2018},
doi={10.17617/2.2596741}
}

@article{rahbarnia_2018,
  title={{Diamagnetic energy measurement during the first operational phase at the Wendelstein 7-X stellarator}},
  author={Rahbarnia, Kian and Thomsen, H and Neuner, Ulrich and Schilling, Jonathan and Geiger, Joachim and
          Fuchert, Golo and Andreeva, Tamara and Endler, Michael and Hathiramani, Dag and Bluhm, Torsten and Zilker, Manfred
          and Carvalho, Bernardo and Werner, Andreas},
  journal={Nuclear Fusion},
  pages={accepted},
  year={2018},
}

@book{bronstein,
   author = {N. Bronstein, I. and A. Semendjajew, K.},
   editor = {Grosche, G. and Ziegler, V.},
   title = {{Taschenbuch der Mathematik}},
   publisher = {BSB B. G. Teubner Verlagsgesellschaft, Nauka-Verlag},
   edition = {19},
   isbn = {3871444928},
   year = {1979},
   address = {Leipzig, Moskau},
   quality = {5},
   note = {}
}

@article{bulirsch_1,
  title  = {{Numerical Calculation of Elliptic Integrals and Elliptic Functions}},
  author = {R. Bulirsch},
  jornal = {Numer. Math.},
  volume = {7},
  pages  = {78 - 90},
  year   = {1965},
  doi    = {10.1007/BF01397975},
}

@article{bulirsch_3,
  title  = {{Numerical Calculation of Elliptic Integrals and Elliptic Functions. III}},
  author = {R. Bulirsch},
  jornal = {Numer. Math.},
  volume = {13},
  pages  = {305 - 315},
  year   = {1969},
  doi    = {10.1007/BF02165405}
}

@misc{teal,
   title   = {{TEAL Physics and Mathematics Documentation}},
  author  = {Belcher, John and Olbert, Stanislaw and Derby, Norman},
  year    = {2008},
  url     = {http://web.mit.edu/viz/soft/visualizations/tealsim/downloads/TEAL\_Physics\_Math.pdf},
  note = {accessed 2021-09-02}
}

@book{oughstun,
  title = {{Electromagnetic and Optical Pulse Propagation}},
  author = {Kurt E. Oughstun},
  year = {2019},
  volume = {{1: Spectral Representations in Temporally Dispersive Media}},
  doi = {10.1007/978-3-030-20835-6},
}


@article{walstrom_2017,
 author = {Walstrom, Peter Lowell},
 title = {{Algorithms for Computing the Magnetic Field, Vector Potential, and Field Derivatives for Circular Current Loops in Cylindrical Coordinates}},
 pages = {{LA-UR-17-27619}},
 month = {8},
 year = {2017},
 doi = {10.2172/1377379},
 place = {United States},
}

@manual{mpmath,
  key     = {mpmath},
  author  = {Fredrik Johansson and others},
  title   = {{mpmath}: a {P}ython library for arbitrary-precision floating-point arithmetic (version 0.18)},
  note    = {{\tt http://mpmath.org/}},
  month   = {December},
  year    = {2013},
}

@misc{Mathematica,
  author = {{Wolfram Research{,} Inc.}},
  title = {Mathematica, {V}ersion 12.1},
  url = {https://www.wolfram.com/mathematica},
  note = {{C}hampaign, IL, 2021}
}

@misc{mpmath_quad,
  author  = {Fredrik Johansson and others},
  title = {Numerical integration (quadrature) - mpmath 1.2.0 documentation},
  url = {https://mpmath.org/doc/current/calculus/integration.html},
  note = {accessed 2022-05-25}
}

@article{klein_2006,
 author = {Klein, A.},
 title  = {{A Generalized Kahan-Babuska-Summation-Algorithm}},
 journal = {Computing},
 volume = {76},
 pages  = {279 - 293},
 year   = {2006},
 doi    = {10.1007/s00607-005-0139-x}
}

@article{mcgreivy_2021,
 author  = {McGreivy, N. and Zhu, C. and Gunderson, L. M. and Hudson, S. R.},
 title   = {{Computation of the Biot-Savart line integral with higher-order convergence using straight segments}},
 journal = {Physics of Plasmas},
 volume  = {28},
 pages   = {082111},
 year    = {2021},
 doi     = {10.1063/5.0058014}
}

@article{double_exp_quad,
  author = {Takahasi Hidetosi and Mori Masatake},
  title = {Double Exponential Formulas for Numerical Integration},
  journal = {Publ. Res. Inst. Math. Sci.},
  volume = {9},
  year = {1973},
  pages = {721 - 741},
  doi = {10.2977/prims/1195192451}
}

@book{jahnke_emde,
  author = {Eugene Jahnke and Fritz Emde},
  title = {{Tables of Functions with Formulae and Curves}},
  edition = {4},
  year = {1945},
  publisher = {Dover Publications},
  address = {New York, {NY}},
}

@book{gradshteyn_ryzhik,
      author        = {Gradshteyn, Izrail Solomonovich and Ryzhik, Iosif Moiseevich and Zwillinger, Daniel and Moll, Victor},
      title         = {{Table of Integrals, Series, and Products}},
      edition       = {8},
      publisher     = {Academic Press},
      address       = {Amsterdam},
      year          = {2014},
      isbn = {978-0-12-384933-5},
}


@article{zhu_2017,
	author = {Caoxiang Zhu and Stuart R. Hudson and Yuntao Song and Yuanxi Wan},
	title = {New method to design stellarator coils without the winding surface},
	doi = {10.1088/1741-4326/aa8e0a},
	year = 2017,
	month = {nov},
	publisher = {{IOP} Publishing},
	volume = {58},
	number = {1},
	pages = {016008},
	journal = {Nuclear Fusion},
}

@article{hirshman_1986,
author = {S.P. Hirshman and W.I. {van Rij} and P. Merkel},
title = {{Three-dimensional free boundary calculations using a spectral Green's function method}},
journal = {Computer Physics Communications},
volume = {43},
number = {1},
pages = {143-155},
year = {1986},
issn = {0010-4655},
doi = {10.1016/0010-4655(86)90058-5},
}


@article{spitzer_1958,
author = {Spitzer, Lyman},
title = {{The Stellarator Concept}},
journal = {Phys. Fluids},
volume = {1},
number = {4},
pages = {253-264},
year = {1958},
doi = {10.1063/1.1705883},
}

@article{maurer_2020,
  author={Maurer, Frederic and Kawkabani, Basile and Nøland, Jonas Kristiansen},
  title={{Rapid 3-D Magnetic Integral Field Computation of Current-Carrying Finite Arc Segments With Rectangular Cross Section}},
  journal={IEEE Transactions on Magnetics},
  year={2020},
  volume={56},
  number={2},
  pages={1-12},
  doi={10.1109/TMAG.2019.2952078},
}

@article{urankar_1,
  author={Urankar, L.},
  title={{Vector potential and magnetic field of current-carrying finite arc segment in analytical form, Part I: Filament approximation}},
  journal={IEEE Transactions on Magnetics},
  year={1980},
  volume={16},
  number={5},
  pages={1283-1288},
  doi={10.1109/TMAG.1980.1060864},
}

@article{urankar_2,
  author={Urankar, L.},
  title={{Vector potential and magnetic field of current-carying finite arc segment in analytical form, part II: Thin sheet approximation}},
  journal={IEEE Transactions on Magnetics},
  year={1982},
  volume={18},
  number={3},
  pages={911-917},
  doi={10.1109/TMAG.1982.1061927}
}

@article{urankar_3,
  author={Urankar, L.},
  title={{Vector potential and magnetic field of current-carrying finite arc segment in analytical form, Part III: Exact computation for rectangular cross section}},
  journal={IEEE Transactions on Magnetics},
  year={1982},
  volume={18},
  number={6},
  pages={1860-1867},
  doi={10.1109/TMAG.1982.1062166}
}

@article{urankar_4,
  author={Urankar, L.},
  title={{Vector potential and magnetic field of current-carrying finite arc segment in analytical form, part IV: General three-dimensional current density}},
  journal={IEEE Transactions on Magnetics},
  year={1984},
  volume={20},
  number={6},
  pages={2145-2150},
  doi={10.1109/TMAG.1984.1063579}
}

@article{urankar_5,
  author={Urankar, L.},
  title={{Vector potential and magnetic field of current-carrying circular finite arc segment in analytical form. V. Polygon cross section}},
  journal={IEEE Transactions on Magnetics},
  year={1990},
  volume={26},
  number={3},
  pages={1171-1180},
  doi={10.1109/20.53995}
}

@book{ieee754,
 note={Note: Standard 754 - 2008},
 title={{IEEE Standard for Floating-Point Arithmetic}},
 publisher={Institute of Electrical and Electronics Engineers},
 address={New York},
 year={2008},
}

@article{hudson_2018,
title = {Differentiating the shape of stellarator coils with respect to the plasma boundary},
author = {S.R. Hudson and C. Zhu and D. Pfefferlé and L. Gunderson},
journal = {Physics Letters A},
volume = {382},
number = {38},
pages = {2732-2737},
year = {2018},
issn = {0375-9601},
doi = {10.1016/j.physleta.2018.07.016},
}
